<?xml version="1.0" encoding="UTF-8"?><collection xmlns="http://www.loc.gov/MARC21/slim"><record><leader>00527nam--2200169-i-4500</leader><controlfield tag="001">000029453</controlfield><controlfield tag="002">20161230</controlfield><controlfield tag="005">20170118005859</controlfield><controlfield tag="008">060222s1000------------r-----000-0-eng-d</controlfield><datafield ind1=" " ind2=" " tag="040"><subfield code="a">IFIN-HH</subfield></datafield><datafield ind1=" " ind2=" " tag="080"><subfield code="a">539.12</subfield></datafield><datafield ind1="1" ind2=" " tag="100"><subfield code="a">Lichtenberg, Don B</subfield></datafield><datafield ind1="1" ind2="0" tag="245"><subfield code="a">Meson and baryon spectroscopy</subfield><subfield code="b">Augumented, updated edition of the article in volume 36 of springer tracts in modern physics</subfield><subfield code="c">D.B. Lichtenberg</subfield></datafield><datafield ind1=" " ind2=" " tag="260"><subfield code="a">New York</subfield><subfield code="b">Springer-Verlag</subfield><subfield code="c">1965</subfield></datafield><datafield ind1=" " ind2=" " tag="300"><subfield code="a">159 p</subfield></datafield><datafield ind1=" " ind2=" " tag="852"><subfield code="a">78871</subfield><subfield code="c">539.12</subfield></datafield><datafield ind1=" " ind2=" " tag="CAT"><subfield code="a">SYS</subfield><subfield code="c">20170118</subfield><subfield code="h">005859</subfield></datafield></record></collection>